==================
Transaction without Narration or Payee Directive
==================

2014-06-01 *
  Assets:Investing:Apple       5 AAPL
  Equity:Opening-Balances

---

(source_file
  (date)
  (transaction_definition
    (txn)
    (post_definition
      (account)
      (amount)
      (commodity))
    (post_definition
      (account))))

==================
Transaction only Narration Directive
==================

2014-02-03 * "Initial deposit"
  Assets:US:BofA:Checking         100 USD
  Assets:Cash                    -100 USD

---

(source_file
  (date)
  (transaction_definition
    (txn)
    (text)
    (post_definition
      (account)
      (amount)
      (commodity))
    (post_definition
      (account)
      (amount)
      (commodity))))

==================
Transaction with Payee and Narration Directive
==================

2014-05-05 * "Cafe Mogador" "Narration"
  Assets:US:BofA:Checking         100 USD
  Assets:Cash                    -100 USD

---

(source_file
  (date)
  (transaction_definition
    (txn)
    (text)
    (text)
    (post_definition
      (account)
      (amount)
      (commodity))
    (post_definition
      (account)
      (amount)
      (commodity))))

==================
Transaction with Empty Narration Directive
==================

2014-05-05 * "Cafe Mogador" ""
  Assets:US:BofA:Checking         100 USD
  Assets:Cash                    -100 USD

---

(source_file
  (date)
  (transaction_definition
    (txn)
    (text)
    (text)
    (post_definition
      (account)
      (amount)
      (commodity))
    (post_definition
      (account)
      (amount)
      (commodity))))

==================
Transaction with Price Rate
==================

2014-05-05 * "Cafe Mogador" "Narration"
  Assets:US:BofA:Checking        -400.00 USD @ 1.09 CAD
  Assets:Cash                     436.01 CAD

---

(source_file
  (date)
  (transaction_definition
    (txn)
    (text)
    (text)
    (post_definition
      (account)
      (amount)
      (commodity)
      (price
        (unsigned_amount)
        (commodity)))
    (post_definition
      (account)
      (amount)
      (commodity))))

==================
Transaction with Price
==================

2014-05-05 * "Cafe Mogador" "Narration"
  Assets:US:BofA:Checking        -400.00 USD @@ 436.01 CAD
  Assets:Cash                     436.01 CAD

---

(source_file
  (date)
  (transaction_definition
    (txn)
    (text)
    (text)
    (post_definition
      (account)
      (amount)
      (commodity)
      (price
        (unsigned_amount)
        (commodity)))
    (post_definition
      (account)
      (amount)
      (commodity))))

==================
Transaction with Cost
==================

2014-02-11 * "Bought shares of S&P 500"
  Assets:ETrade:IVV                10 IVV {183.07 USD}
  Assets:ETrade:Cash         -1830.70 USD

---

(source_file
  (date)
  (transaction_definition
    (txn)
    (text)
    (post_definition
      (account)
      (amount)
      (commodity)
      (cost
        (unsigned_amount)
        (commodity)))
    (post_definition
      (account)
      (amount)
      (commodity))))

==================
Transaction with Cost and Price
==================

2014-07-11 * "Sold shares of S&P 500"
  Assets:ETrade:IVV               -10 IVV {183.07 USD} @ 197.90 USD
  Assets:ETrade:Cash          1979.90 USD
  Income:ETrade:CapitalGains

---

(source_file
  (date)
  (transaction_definition
    (txn)
    (text)
    (post_definition
      (account)
      (amount)
      (commodity)
      (cost
        (unsigned_amount)
        (commodity))
      (price
        (unsigned_amount)
        (commodity)))
    (post_definition
      (account)
      (amount)
      (commodity))
    (post_definition
      (account))))

==================
Transaction with Tags
==================

2014-05-05 * "Cafe Mogador" "Narration" #this-is_a_tag #this-is_another_tag
  Assets:US:BofA:Checking        -400.00 USD
  Assets:Cash                     436.01 CAD

---

(source_file
  (date)
  (transaction_definition
    (txn)
    (text)
    (text)
    (tag)
    (tag)
    (post_definition
      (account)
      (amount)
      (commodity))
    (post_definition
      (account)
      (amount)
      (commodity))))

==================
Transaction with Links
==================

2014-05-05 * "Cafe Mogador" "Narration" ^this-is_a_link ^this-is_another_link
  Assets:US:BofA:Checking        -400.00 USD
  Assets:Cash                     436.01 CAD

---

(source_file
  (date)
  (transaction_definition
    (txn)
    (text)
    (text)
    (link)
    (link)
    (post_definition
      (account)
      (amount)
      (commodity))
    (post_definition
      (account)
      (amount)
      (commodity))))

==================
Transaction mix Links and Tag
==================

2014-05-05 * "Cafe Mogador" "Narration" ^this-is_a_link #this-is-tag ^this-is_another_link
  Assets:US:BofA:Checking        -400.00 USD
  Assets:Cash                     436.01 CAD

---

(source_file
  (date)
  (transaction_definition
    (txn)
    (text)
    (text)
    (link)
    (tag)
    (link)
    (post_definition
      (account)
      (amount)
      (commodity))
    (post_definition
      (account)
      (amount)
      (commodity))))


==================
Transaction with Tags and Link
==================

2014-05-05 * "Cafe Mogador" "Narration" #this-is_a_tag ^this-is-a-link #this-is_another_tag
  Assets:US:BofA:Checking        -400.00 USD
  Assets:Cash                     436.01 CAD

---

(source_file
  (date)
  (transaction_definition
    (txn)
    (text)
    (text)
    (tag)
    (link)
    (tag)
    (post_definition
      (account)
      (amount)
      (commodity))
    (post_definition
      (account)
      (amount)
      (commodity))))
